
  <record>
    <leader>00000cam a2200229Ia 4500</leader>
      <controlfield tag='008'>890907s1983    it       b    001 0 ita d</controlfield>
      <controlfield tag='001'>10873382</controlfield>
      <controlfield tag='005'>19890921091431.9</controlfield>
      <datafield ind1=' ' ind2=' ' tag='040'>
        <subfield code='a'>UIU</subfield>
        <subfield code='c'>UIU</subfield>
        <subfield code='d'>NOC</subfield>
      </datafield>
      <datafield ind1='1' ind2=' ' tag='100'>
        <subfield code='a'>Corti, Claudia,</subfield>
        <subfield code='d'>1946-</subfield>
      </datafield>
      <datafield ind1='1' ind2='0' tag='245'>
        <subfield code='a'>Macbeth :</subfield>
        <subfield code='b'>la parola e l&apos;immagine /</subfield>
        <subfield code='c'>Claudia Corti.</subfield>
      </datafield>
      <datafield ind1=' ' ind2=' ' tag='260'>
        <subfield code='a'>Pisa :</subfield>
        <subfield code='b'>Pacini,</subfield>
        <subfield code='c'>c1983.</subfield>
      </datafield>
      <datafield ind1=' ' ind2=' ' tag='300'>
        <subfield code='a'>221 p. ;</subfield>
        <subfield code='c'>24 cm.</subfield>
      </datafield>
      <datafield ind1=' ' ind2=' ' tag='500'>
        <subfield code='a'>Contains excerpts with accompanying Italian translations.</subfield>
      </datafield>
      <datafield ind1=' ' ind2=' ' tag='504'>
        <subfield code='a'>Includes bibliographical references and index.</subfield>
      </datafield>
      <datafield ind1='1' ind2='0' tag='600'>
        <subfield code='a'>Shakespeare, William,</subfield>
        <subfield code='d'>1564-1616.</subfield>
        <subfield code='t'>Macbeth.</subfield>
      </datafield>
      <datafield ind1='1' ind2='2' tag='700'>
        <subfield code='a'>Shakespeare, William,</subfield>
        <subfield code='d'>1564-1616.</subfield>
        <subfield code='t'>Macbeth.</subfield>
        <subfield code='k'>Selections.</subfield>
        <subfield code='l'>Italian &amp; English.</subfield>
        <subfield code='f'>1983.</subfield>
      </datafield>
      <datafield ind1=' ' ind2=' ' tag='907'>
        <subfield code='a'>b1967290</subfield>
      </datafield>
      <datafield ind1='9' ind2='1' tag='999'>
        <subfield code='i'>i2846009</subfield>
        <subfield code='l'>ddda</subfield>
        <subfield code='s'>-</subfield>
        <subfield code='t'>0</subfield>
        <subfield code='c'>1</subfield>
        <subfield code='o'>0</subfield>
        <subfield code='b'>00006061129</subfield>
        <subfield code='p'>090##</subfield>
        <subfield code='q'>|aPR2823 .C648 1983</subfield>
      </datafield>
      <datafield ind1='0' ind2='0' tag='999'>
        <subfield code='a'>2004-10-01 00:00:00-04</subfield>
        <subfield code='c'>2004-09-30 09:44:35-04</subfield>
        <subfield code='u'>2013-11-10 12:48:59-05</subfield>
      </datafield>
  </record>