
  <record>
    <leader>00000cam a2200265I  4500</leader>
      <controlfield tag='008'>881102s1961    it ac    b    000 0 ita d</controlfield>
      <controlfield tag='001'>18701694</controlfield>
      <controlfield tag='005'>19941209164510.0</controlfield>
      <datafield ind1=' ' ind2=' ' tag='040'>
        <subfield code='a'>WAU</subfield>
        <subfield code='c'>WAU</subfield>
        <subfield code='d'>NOC</subfield>
      </datafield>
      <datafield ind1='1' ind2=' ' tag='100'>
        <subfield code='a'>Baldini, Gabriele,</subfield>
        <subfield code='d'>1919-1969.</subfield>
      </datafield>
      <datafield ind1='1' ind2='3' tag='245'>
        <subfield code='a'>Le tragedie di Shakespeare.</subfield>
      </datafield>
      <datafield ind1=' ' ind2=' ' tag='260'>
        <subfield code='a'>[Torino]</subfield>
        <subfield code='b'>Edizioni RAI Radiotelevisione italiana</subfield>
        <subfield code='c'>[c1961]</subfield>
      </datafield>
      <datafield ind1=' ' ind2=' ' tag='300'>
        <subfield code='a'>198 p.</subfield>
        <subfield code='b'>illus., port.</subfield>
        <subfield code='c'>18 cm.</subfield>
      </datafield>
      <datafield ind1=' ' ind2=' ' tag='500'>
        <subfield code='a'>Includes selections from Richard III and Macbeth in Italian translation.</subfield>
      </datafield>
      <datafield ind1=' ' ind2=' ' tag='504'>
        <subfield code='a'>Bibliography: p. [189]-196.</subfield>
      </datafield>
      <datafield ind1='1' ind2='0' tag='600'>
        <subfield code='a'>Shakespeare, William,</subfield>
        <subfield code='d'>1564-1616</subfield>
        <subfield code='x'>Tragedies.</subfield>
      </datafield>
      <datafield ind1='1' ind2='2' tag='700'>
        <subfield code='a'>Shakespeare, William,</subfield>
        <subfield code='d'>1564-1616.</subfield>
        <subfield code='t'>King Richard III.</subfield>
        <subfield code='k'>Selections.</subfield>
        <subfield code='l'>Italian.</subfield>
      </datafield>
      <datafield ind1='1' ind2='2' tag='700'>
        <subfield code='a'>Shakespeare, William,</subfield>
        <subfield code='d'>1564-1616.</subfield>
        <subfield code='t'>Macbeth.</subfield>
        <subfield code='k'>Selections.</subfield>
        <subfield code='l'>Italian.</subfield>
      </datafield>
      <datafield ind1=' ' ind2='0' tag='830'>
        <subfield code='a'>Classeunica ;</subfield>
        <subfield code='v'>65.</subfield>
      </datafield>
      <datafield ind1=' ' ind2=' ' tag='907'>
        <subfield code='a'>b2649113</subfield>
      </datafield>
      <datafield ind1='9' ind2='1' tag='999'>
        <subfield code='i'>i3810658</subfield>
        <subfield code='l'>ddda</subfield>
        <subfield code='s'>-</subfield>
        <subfield code='t'>0</subfield>
        <subfield code='c'>1</subfield>
        <subfield code='o'>0</subfield>
        <subfield code='b'>00009457358</subfield>
        <subfield code='p'>090##</subfield>
        <subfield code='q'>|aPR2983 .B25 1964</subfield>
      </datafield>
      <datafield ind1='0' ind2='0' tag='999'>
        <subfield code='a'>2004-10-01 00:00:00-04</subfield>
        <subfield code='c'>2004-10-02 09:37:53-04</subfield>
        <subfield code='u'>2013-10-16 21:14:11-04</subfield>
      </datafield>
  </record>