
  <record>
    <leader>00000cam a2200313Ia 4500</leader>
      <controlfield tag='008'>840423s1823    mau           000 0 eng d</controlfield>
      <controlfield tag='001'>10652987</controlfield>
      <controlfield tag='005'>19950328140940.0</controlfield>
      <datafield ind1=' ' ind2=' ' tag='040'>
        <subfield code='a'>IXA</subfield>
        <subfield code='c'>IXA</subfield>
        <subfield code='d'>OCL</subfield>
      </datafield>
      <datafield ind1='1' ind2=' ' tag='100'>
        <subfield code='a'>Vanbrugh, John,</subfield>
        <subfield code='d'>1664-1726.</subfield>
      </datafield>
      <datafield ind1='1' ind2='4' tag='245'>
        <subfield code='a'>The confederacy :</subfield>
        <subfield code='b'>a comedy /</subfield>
        <subfield code='c'>by Sir John Vanbrugh ; with prefatory remarks ; the only edition existing which is faithfully marked with the stage business, and stage directions, as it is performed at the Theatres Royal, by W. Oxberry, comedian.</subfield>
      </datafield>
      <datafield ind1='1' ind2='8' tag='246'>
        <subfield code='a'>Oxberry&apos;s edition of plays, vol. x</subfield>
      </datafield>
      <datafield ind1=' ' ind2=' ' tag='250'>
        <subfield code='a'>Oxberry&apos;s ed.</subfield>
      </datafield>
      <datafield ind1=' ' ind2=' ' tag='260'>
        <subfield code='a'>Boston :</subfield>
        <subfield code='b'>Wells and Lily,</subfield>
        <subfield code='c'>1823.</subfield>
      </datafield>
      <datafield ind1=' ' ind2=' ' tag='300'>
        <subfield code='a'>107 p. ;</subfield>
        <subfield code='c'>15 cm.</subfield>
      </datafield>
      <datafield ind1=' ' ind2=' ' tag='500'>
        <subfield code='a'>Adapted from Dancourt&apos;s Les bourgeoises à la mode.</subfield>
      </datafield>
      <datafield ind1=' ' ind2=' ' tag='501'>
        <subfield code='a'>With: Douglas : a tragedy / J. Home. Boston : Wells &amp; Lilly, 1823. --  Know your own mind : a comedy / A. Murphy. Boston : Wells &amp; Lilly, 1823. --  Macbeth : a tragedy / W. Shakespeare. Boston : Wells &amp; Lilly, 1823. --  Tobacconist : a farce / F. Gentleman. Boston : Wells &amp; Lilly, 1823.</subfield>
      </datafield>
      <datafield ind1='1' ind2=' ' tag='700'>
        <subfield code='a'>Dancourt, Florent Carton,</subfield>
        <subfield code='d'>1661-1725.</subfield>
        <subfield code='t'>Bourgeoises à la mode.</subfield>
      </datafield>
      <datafield ind1='1' ind2='2' tag='700'>
        <subfield code='a'>Home, John,</subfield>
        <subfield code='d'>1722-1808.</subfield>
        <subfield code='t'>Douglas.</subfield>
      </datafield>
      <datafield ind1='1' ind2='2' tag='700'>
        <subfield code='a'>Murphy, Arthur,</subfield>
        <subfield code='d'>1727-1805.</subfield>
        <subfield code='t'>Know your own mind.</subfield>
      </datafield>
      <datafield ind1='1' ind2='2' tag='700'>
        <subfield code='a'>Shakespeare, William,</subfield>
        <subfield code='d'>1564-1616.</subfield>
        <subfield code='t'>Macbeth.</subfield>
      </datafield>
      <datafield ind1='1' ind2='2' tag='700'>
        <subfield code='a'>Gentleman, Francis,</subfield>
        <subfield code='d'>1728-1784.</subfield>
        <subfield code='t'>Tobacconist.</subfield>
      </datafield>
      <datafield ind1=' ' ind2=' ' tag='907'>
        <subfield code='a'>b2691602</subfield>
      </datafield>
      <datafield ind1='9' ind2='1' tag='999'>
        <subfield code='i'>i3873103</subfield>
        <subfield code='l'>trln</subfield>
        <subfield code='s'>-</subfield>
        <subfield code='t'>0</subfield>
        <subfield code='c'>1</subfield>
        <subfield code='o'>0</subfield>
        <subfield code='b'>00020928784</subfield>
        <subfield code='p'>092##</subfield>
        <subfield code='q'>|a822 V21c</subfield>
      </datafield>
      <datafield ind1='0' ind2='0' tag='999'>
        <subfield code='a'>2004-10-01 00:00:00-04</subfield>
        <subfield code='c'>2004-10-02 10:59:00-04</subfield>
        <subfield code='u'>2016-10-29 21:17:33-04</subfield>
      </datafield>
  </record>