
  <record>
    <leader>00000cam a2200409Ma 4500</leader>
      <controlfield tag='006'>m        d</controlfield>
      <controlfield tag='008'>090810s1759    enk     s     000 0 eng d</controlfield>
      <controlfield tag='007'>cr |n||||||||n</controlfield>
      <controlfield tag='001'>moml506043031</controlfield>
      <controlfield tag='003'>OCoLC</controlfield>
      <controlfield tag='005'>20100429113740.0</controlfield>
      <datafield ind1=' ' ind2=' ' tag='035'>
        <subfield code='a'>(OCoLC)506043031</subfield>
      </datafield>
      <datafield ind1=' ' ind2=' ' tag='040'>
        <subfield code='a'>TGPSM</subfield>
        <subfield code='c'>BOL</subfield>
        <subfield code='d'>MIGCL</subfield>
      </datafield>
      <datafield ind1=' ' ind2=' ' tag='043'>
        <subfield code='a'>e-uk---</subfield>
      </datafield>
      <datafield ind1=' ' ind2=' ' tag='049'>
        <subfield code='a'>TEFA</subfield>
      </datafield>
      <datafield ind1='1' ind2=' ' tag='100'>
        <subfield code='a'>Aram, Eugene,</subfield>
        <subfield code='d'>1704-1759.</subfield>
      </datafield>
      <datafield ind1='1' ind2='4' tag='245'>
        <subfield code='a'>The genuine account of the trial of Eugene Aram, for the murder of Daniel Clark, late of Knaresbrough, in the county of York, who was convicted at York assizes, August 3, 1759, before the Honourable William Noel, Esq., one of His Majesty&apos;s justices of the Court of Common Pleas</subfield>
        <subfield code='h'>[electronic resource] :</subfield>
        <subfield code='b'>to which, after a short narration of the fact is prefixed, an account of the remarkable discovery of the human skeleton at St. Robert&apos;s cave, where it had lain upwards of thirteen years, a detail of all the judicial proceedings from the time of the bones being found, to the commitment of Richard Houseman, Eugene Aram, and Henry Terry to York-Castle, the depositions of Anna Aram, Philip Coates, John Yates, &amp;c., the examination and confession of Richard Houseman, the apprehending of Eugene Aram, at Lynn, in Norfolk, with his examination and commitment : to which are added, the remarkable defence he made on his trial, his own account of himself, written after his condemnation, with the apology, which he left in his cell, for the attempt he made on his own life : all taken immediately from the original depositions, papers, &amp;c.</subfield>
      </datafield>
      <datafield ind1=' ' ind2=' ' tag='250'>
        <subfield code='a'>3rd ed.</subfield>
      </datafield>
      <datafield ind1=' ' ind2=' ' tag='300'>
        <subfield code='a'>279 p. in various pagings :</subfield>
        <subfield code='b'>ill.</subfield>
      </datafield>
      <datafield ind1=' ' ind2=' ' tag='500'>
        <subfield code='a'>Reproduction of the original from Harvard Law School Library.</subfield>
      </datafield>
      <datafield ind1=' ' ind2=' ' tag='533'>
        <subfield code='a'>Electronic reproduction.</subfield>
        <subfield code='b'>Farmington Hills, Mich. :</subfield>
        <subfield code='c'>Gale, a part of Cengage Learning,</subfield>
        <subfield code='d'>2007.</subfield>
        <subfield code='n'>Available via the World Wide Web.</subfield>
        <subfield code='n'>Access limited by licensing agreements.</subfield>
        <subfield code='7'>s2007    miunns</subfield>
      </datafield>
      <datafield ind1='1' ind2='0' tag='600'>
        <subfield code='a'>Clark, Daniel,</subfield>
        <subfield code='d'>-1745</subfield>
        <subfield code='v'>Early works to 1800.</subfield>
      </datafield>
      <datafield ind1=' ' ind2='0' tag='650'>
        <subfield code='a'>Murderers</subfield>
        <subfield code='z'>Great Britain</subfield>
        <subfield code='v'>Early works to 1800.</subfield>
      </datafield>
      <datafield ind1=' ' ind2='0' tag='650'>
        <subfield code='a'>Trials (Murder)</subfield>
        <subfield code='z'>Great Britain</subfield>
        <subfield code='v'>Early works to 1800.</subfield>
      </datafield>
      <datafield ind1='1' ind2='2' tag='700'>
        <subfield code='a'>Hoadly,</subfield>
        <subfield code='c'>Dr.</subfield>
        <subfield code='q'>(Benjamin),</subfield>
        <subfield code='d'>1706-1757.</subfield>
        <subfield code='t'>Suspicious husband, a comedy, as it is acted at the Theater-Royal in Drury-Lane.</subfield>
      </datafield>
      <datafield ind1='1' ind2='2' tag='700'>
        <subfield code='a'>Shakespeare, William,</subfield>
        <subfield code='d'>1564-1616.</subfield>
        <subfield code='t'>Macbeth, a tragedy.</subfield>
      </datafield>
      <datafield ind1='1' ind2='2' tag='700'>
        <subfield code='a'>Cowley, Hannah,</subfield>
        <subfield code='d'>1743-1809.</subfield>
        <subfield code='t'>Belle&apos;s stratagem, a comedy, in five acts.</subfield>
      </datafield>
      <datafield ind1='1' ind2=' ' tag='710'>
        <subfield code='a'>Great Britain.</subfield>
        <subfield code='b'>Assizes (York)</subfield>
      </datafield>
      <datafield ind1='4' ind2='2' tag='740'>
        <subfield code='a'>The suspicious husband, a comedy, as it is acted at the Theater-Royal in Drury-Lane.</subfield>
      </datafield>
      <datafield ind1='0' ind2='2' tag='740'>
        <subfield code='a'>Macbeth, a tragedy.</subfield>
      </datafield>
      <datafield ind1='0' ind2='2' tag='740'>
        <subfield code='a'>Belle&apos;s stratagem, a comedy, in five acts.</subfield>
      </datafield>
      <datafield ind1=' ' ind2='0' tag='830'>
        <subfield code='a'>Making of modern law.</subfield>
        <subfield code='p'>Trials, 1600-1926.</subfield>
      </datafield>
      <datafield ind1='4' ind2='0' tag='856'>
        <subfield code='u'>http://libproxy.lib.unc.edu/login?url=http://galenet.galegroup.com/servlet/MMLT?af=RN&amp;ae=Q4200635114&amp;srchtp=a&amp;ste=14&amp;q=unc_main</subfield>
        <subfield code='y'>Full text available via the UNC-Chapel Hill Libraries</subfield>
      </datafield>
      <datafield ind1=' ' ind2=' ' tag='907'>
        <subfield code='a'>b6325751</subfield>
      </datafield>
      <datafield ind1='0' ind2='0' tag='999'>
        <subfield code='a'>2010-05-28 00:00:00-04</subfield>
        <subfield code='c'>2010-05-28 10:40:04-04</subfield>
        <subfield code='u'>2017-06-08 15:25:12-04</subfield>
      </datafield>
  </record>