
  <record>
    <leader>00000cam a2200385Ma 4500</leader>
      <controlfield tag='006'>m    |o  d |</controlfield>
      <controlfield tag='008'>960313s1828    fr      o     000 p fre d</controlfield>
      <controlfield tag='007'>cr |n||||||||n</controlfield>
      <controlfield tag='001'>NCCO007570</controlfield>
      <controlfield tag='003'>MiFhGG</controlfield>
      <controlfield tag='005'>20121120130010.0</controlfield>
      <datafield ind1=' ' ind2=' ' tag='035'>
        <subfield code='a'>(OCoLC)830964834</subfield>
      </datafield>
      <datafield ind1=' ' ind2=' ' tag='040'>
        <subfield code='a'>MIGCL</subfield>
        <subfield code='c'>UtOrBLW</subfield>
      </datafield>
      <datafield ind1='0' ind2='0' tag='245'>
        <subfield code='a'>Poésies européennes, ou, Etudes sur Alfiéri ... [et al.]</subfield>
        <subfield code='h'>[electronic resource] /</subfield>
        <subfield code='c'>par Léon Halevy.</subfield>
      </datafield>
      <datafield ind1='3' ind2='0' tag='246'>
        <subfield code='a'>Etudes sur Alfiéri</subfield>
      </datafield>
      <datafield ind1=' ' ind2=' ' tag='260'>
        <subfield code='a'>Paris :</subfield>
        <subfield code='b'>Ladvocat :</subfield>
        <subfield code='b'>Delaforest,</subfield>
        <subfield code='c'>1828</subfield>
        <subfield code='f'>(Impr. A. Boucher)</subfield>
      </datafield>
      <datafield ind1=' ' ind2=' ' tag='300'>
        <subfield code='a'>1 online resource (x, 328 p.).</subfield>
      </datafield>
      <datafield ind1=' ' ind2=' ' tag='500'>
        <subfield code='a'>Originally issued in parts; the first &quot;livraison&quot; was announced in the Bibliographie de la France 5 Sept. 1827; the second. third &amp; fourth were announced 16 Aug. 1828, apparently issued together.</subfield>
      </datafield>
      <datafield ind1=' ' ind2=' ' tag='500'>
        <subfield code='a'>Free translations from the authors named in title; includes Schiller&apos;s Don Karlos, Shakespeare&apos;s Macbeth, and act 5 from Alfrieri&apos;s Bruto Primo.</subfield>
      </datafield>
      <datafield ind1='0' ind2=' ' tag='505'>
        <subfield code='a'>Burger -- Robert Burns -- Gay -- Gonzaga -- Karamsin -- Koerner -- Jean Kollar -- Lessing -- G. Lewis -- Michel-Ange -- Thomas Moore -- Pope -- Shakespeare -- Schiller -- Walter-Scott -- Voss -- Yriarte -- Les poètes grecs modernes.</subfield>
      </datafield>
      <datafield ind1='1' ind2=' ' tag='506'>
        <subfield code='a'>Access limited to UNC Chapel Hill-authenticated users.</subfield>
        <subfield code='f'>Unlimited simultaneous users</subfield>
      </datafield>
      <datafield ind1=' ' ind2='0' tag='650'>
        <subfield code='a'>Poetry</subfield>
        <subfield code='v'>Collections.</subfield>
      </datafield>
      <datafield ind1='1' ind2=' ' tag='700'>
        <subfield code='a'>Halévy, Léon,</subfield>
        <subfield code='d'>1802-1883.</subfield>
      </datafield>
      <datafield ind1='1' ind2='2' tag='700'>
        <subfield code='a'>Alfieri, Vittorio,</subfield>
        <subfield code='d'>1749-1803.</subfield>
        <subfield code='t'>Bruto primo.</subfield>
      </datafield>
      <datafield ind1='1' ind2='2' tag='700'>
        <subfield code='a'>Schiller, Friedrich,</subfield>
        <subfield code='d'>1759-1805.</subfield>
        <subfield code='t'>Don Carlos.</subfield>
        <subfield code='l'>Greek.</subfield>
      </datafield>
      <datafield ind1='1' ind2='2' tag='700'>
        <subfield code='a'>Shakespeare, William,</subfield>
        <subfield code='d'>1564-1616.</subfield>
        <subfield code='t'>Macbeth.</subfield>
      </datafield>
      <datafield ind1='0' ind2=' ' tag='773'>
        <subfield code='t'>Nineteenth century collections online (online collection). European literature, 1790-1840: the Corvey collection. E-books</subfield>
      </datafield>
      <datafield ind1='4' ind2='0' tag='856'>
        <subfield code='y'>Full text available via the UNC-Chapel Hill Libraries</subfield>
        <subfield code='u'>http://libproxy.lib.unc.edu/login?url=http://ncco.galegroup.com/gdc/ncco/MonographsDetailsPage/MonographsDetailsWindow?disableHighlighting=false&amp;prodId=NCCO&amp;action=1&amp;activityType=BasicSearch&amp;javax.portlet.action=viewPortletAction&amp;documentId=GALE%7COEALBR106793580&amp;dviSelectedPage=1&amp;userGroupName=unc_main</subfield>
        <subfield code='x'>NCCO</subfield>
      </datafield>
      <datafield ind1=' ' ind2=' ' tag='919'>
        <subfield code='a'>NCCO</subfield>
      </datafield>
      <datafield ind1=' ' ind2='1' tag='907'>
        <subfield code='a'>b7365255</subfield>
      </datafield>
      <datafield ind1='0' ind2='0' tag='999'>
        <subfield code='a'>2013-04-05 00:00:00-04</subfield>
        <subfield code='c'>2013-04-05 12:24:29-04</subfield>
        <subfield code='u'>2017-03-20 10:55:27-04</subfield>
      </datafield>
  </record>