
  <record>
    <leader>00000cam a2200469Ia 4500</leader>
      <controlfield tag='008'>130313s2013    nyua          000 0 eng d</controlfield>
      <controlfield tag='001'>829989388</controlfield>
      <controlfield tag='003'>OCoLC</controlfield>
      <controlfield tag='005'>20131213135349.7</controlfield>
      <datafield ind1=' ' ind2=' ' tag='020'>
        <subfield code='a'>162636303X</subfield>
      </datafield>
      <datafield ind1=' ' ind2=' ' tag='020'>
        <subfield code='a'>9781626363038</subfield>
      </datafield>
      <datafield ind1=' ' ind2=' ' tag='035'>
        <subfield code='a'>(OCoLC)829989388</subfield>
      </datafield>
      <datafield ind1=' ' ind2=' ' tag='040'>
        <subfield code='a'>YDXCP</subfield>
        <subfield code='c'>YDXCP</subfield>
        <subfield code='d'>OEM</subfield>
        <subfield code='d'>OCLCO</subfield>
        <subfield code='d'>VHP</subfield>
        <subfield code='d'>IMF</subfield>
        <subfield code='d'>NhCcYBP</subfield>
      </datafield>
      <datafield ind1='1' ind2='4' tag='050'>
        <subfield code='a'>PR2763</subfield>
        <subfield code='b'>.M33 2013</subfield>
      </datafield>
      <datafield ind1='0' ind2='4' tag='082'>
        <subfield code='a'>822.33</subfield>
        <subfield code='2'>23</subfield>
      </datafield>
      <datafield ind1='0' ind2='0' tag='245'>
        <subfield code='a'>Brick Shakespeare :</subfield>
        <subfield code='b'>the tragedies-- Hamlet, Macbeth, Romeo and Juliet, and Julius Caesar /</subfield>
        <subfield code='c'>[construction and photography by John McCann ; edited and narrated by Monica Sweeney, and Becky Thomas.]</subfield>
      </datafield>
      <datafield ind1=' ' ind2='1' tag='264'>
        <subfield code='a'>New York :</subfield>
        <subfield code='b'>Skyhorse Publishing,</subfield>
        <subfield code='c'>2013.</subfield>
      </datafield>
      <datafield ind1=' ' ind2=' ' tag='300'>
        <subfield code='a'>344 p. :</subfield>
        <subfield code='b'>col. ill. ;</subfield>
        <subfield code='c'>28 cm.</subfield>
      </datafield>
      <datafield ind1=' ' ind2=' ' tag='500'>
        <subfield code='a'>&quot;Each play is modestly abridged&quot;--p. 6.</subfield>
      </datafield>
      <datafield ind1=' ' ind2=' ' tag='520'>
        <subfield code='a'>Whimsical visual adaptations of four Shakespearean tragedies, rendered in LEGO bricks, feature scene-by-scene reenactments accompanied by captioned excerpts from the plays.</subfield>
      </datafield>
      <datafield ind1='1' ind2='0' tag='600'>
        <subfield code='a'>Shakespeare, William,</subfield>
        <subfield code='d'>1564-1616</subfield>
        <subfield code='x'>Tragedies</subfield>
        <subfield code='v'>Comic books, strips, etc.</subfield>
      </datafield>
      <datafield ind1=' ' ind2='0' tag='650'>
        <subfield code='a'>LEGO toys</subfield>
        <subfield code='v'>Juvenile literature.</subfield>
      </datafield>
      <datafield ind1=' ' ind2='0' tag='650'>
        <subfield code='a'>LEGO toys</subfield>
        <subfield code='v'>Pictorial works.</subfield>
      </datafield>
      <datafield ind1='1' ind2=' ' tag='700'>
        <subfield code='a'>McCann, John</subfield>
        <subfield code='c'>(Photographer)</subfield>
      </datafield>
      <datafield ind1='1' ind2=' ' tag='700'>
        <subfield code='a'>Sweeney, Monica.</subfield>
      </datafield>
      <datafield ind1='1' ind2=' ' tag='700'>
        <subfield code='a'>Thomas, Becky.</subfield>
      </datafield>
      <datafield ind1='1' ind2=' ' tag='700'>
        <subfield code='a'>Shakespeare, William,</subfield>
        <subfield code='d'>1564-1616,</subfield>
        <subfield code='e'>author.</subfield>
      </datafield>
      <datafield ind1='1' ind2=' ' tag='700'>
        <subfield code='a'>Hollan, Jack,</subfield>
        <subfield code='e'>illustrator.</subfield>
      </datafield>
      <datafield ind1='1' ind2='2' tag='700'>
        <subfield code='a'>Shakespeare, William,</subfield>
        <subfield code='d'>1564-1616.</subfield>
        <subfield code='t'>Hamlet.</subfield>
      </datafield>
      <datafield ind1='1' ind2='2' tag='700'>
        <subfield code='a'>Shakespeare, William,</subfield>
        <subfield code='d'>1564-1616.</subfield>
        <subfield code='t'>Macbeth.</subfield>
      </datafield>
      <datafield ind1='1' ind2='2' tag='700'>
        <subfield code='a'>Shakespeare, William,</subfield>
        <subfield code='d'>1564-1616.</subfield>
        <subfield code='t'>Romeo and Juliet.</subfield>
      </datafield>
      <datafield ind1='1' ind2='2' tag='700'>
        <subfield code='a'>Shakespeare, William,</subfield>
        <subfield code='d'>1564-1616.</subfield>
        <subfield code='t'>Julius Caesar.</subfield>
      </datafield>
      <datafield ind1=' ' ind2=' ' tag='907'>
        <subfield code='a'>b7638777</subfield>
      </datafield>
      <datafield ind1='9' ind2='1' tag='999'>
        <subfield code='i'>i10182337</subfield>
        <subfield code='l'>lljd</subfield>
        <subfield code='s'>-</subfield>
        <subfield code='t'>22</subfield>
        <subfield code='c'>1</subfield>
        <subfield code='o'>4</subfield>
        <subfield code='b'>00047147167</subfield>
        <subfield code='p'>099#9</subfield>
        <subfield code='q'>|aGraphic|aBrick</subfield>
      </datafield>
      <datafield ind1='9' ind2='1' tag='999'>
        <subfield code='i'>i10229561</subfield>
        <subfield code='l'>uada</subfield>
        <subfield code='s'>-</subfield>
        <subfield code='t'>0</subfield>
        <subfield code='c'>1</subfield>
        <subfield code='o'>1</subfield>
        <subfield code='b'>00047682131</subfield>
        <subfield code='p'>05014</subfield>
        <subfield code='q'>|aPR2763|b.M33 2013</subfield>
      </datafield>
      <datafield ind1='0' ind2='0' tag='999'>
        <subfield code='a'>2014-01-10 00:00:00-05</subfield>
        <subfield code='c'>2013-12-10 09:34:00-05</subfield>
        <subfield code='u'>2014-03-16 13:05:56-04</subfield>
      </datafield>
  </record>